@misc {scheduling,
	title={Scheduling wireless links by vertex multicoloring in the physical interference model},
	author={VIEIRA, Fabio R. J. and REZENDE, José F. and BARBOSA, Valmir C.},
	year={{2016}},
}

@misc {dist-sched,
	title={DICSA: Distributed and concurrent link scheduling algorithm for data gathering in wireless senso networks},
	author={DEZFOULI, Behnam and RADI, Marjan and WHITEHOUSE, Karmin and RAZAK, Shukor A.},
	year={{2014}},
}

@misc {coloring,
	title={Link Scheduling in Sensor Networks: Distributed Edge Coloring Revisited},
	author={Shashidar Gandham and Milind Dawande and Ravi Prakash},
	year={{2008}},
}

	%IEEE Wireless Communications, October 2003
@misc {mesh,
	title={The nominal capacity of wireless mesh networks},
	author={Jangeun Jun and Mihail L. Sichitiu},
	year={{2003}},
}

@misc {primary,
	title={Achievable Rate Region of CSMA Schedulers in Wireless Networks with Primary Interference Constraints},
	author={Peter Marbach and Atilla Eryilmaz and Asuman Ozdaglar},
	year={{2007}},
}

@misc {sinr,
	title={Multi-Hop Routing and Scheduling in Wireless Networks in the SINR model},
	author={Guy Even and Yakov Matsri and Moti Medina},
	year={{2011}},
}

@misc {billy,
	title={Projeto de Redes em Malha Sem Fio: Metodologia de Implantação em Ambientes Indoor e Outdoor},
	author={Carlos Jean F. de Quadros, Vagner de B. Nascimento, Billy A. Pinheiro, Antônio J. G. Abelém, Eduardo C. Cerqueira},
	year={{}},
}

@misc {models,
	tittle={Capacity of Wireless Networks under SINR Interference Constraints},
	author={Deepti Chafekar and V. S. Anil Kumar and Madhav V. Marathe and Srinivasan Parthasarathy},
	year={{2011}},
}

@misc {discussion,
	title={Maxmin fair scheduling in wireless networks},
	author={L. Tassiulas and S. Sarkar},
	year={{2001}},
}
